@article{moore:1965,
  added-at = {2009-01-04T17:09:31.000+0100},
  author = {Moore, Gordon E.},
  biburl = {https://www.bibsonomy.org/bibtex/2867f7a1c71867074780e958c5cec38e4/lysander07},
  interhash = {886de6a8be647a56cc3de71d50149f5e},
  intrahash = {867f7a1c71867074780e958c5cec38e4},
  journal = {Electronics},
  keywords = {www01 wwwbuch wwwkap1},
  month = {April},
  number = 8,
  timestamp = {2009-01-27T15:24:50.000+0100},
  title = {Cramming more components onto integrated circuits},
  volume = 38,
  year = 1965
}

@misc{transformationHierarchy,
  Author = {Patt, Yale N.},
  Institution = {The University of Texas at Austin},
  Howpublished = {Seminar lecture},
  Year = 2017,
  Title = {Computer Architecture Principles and Tradeoffs}
}

@inproceedings{Patt:1985:HNM:18927.18916,
  author = {Patt, Y. N. and Hwu, W. M. and Shebanow, M.},
  title = {HPS, a New Microarchitecture: Rationale and Introduction},
  booktitle = {Proceedings of the 18th Annual Workshop on Microprogramming},
  series = {MICRO 18},
  year = {1985},
  isbn = {0-89791-172-5},
  location = {Pacific Grove, California, USA},
  pages = {103--108},
  numpages = {6},
  url = {http://doi.acm.org/10.1145/18927.18916},
  doi = {10.1145/18927.18916},
  acmid = {18916},
  publisher = {ACM},
  address = {New York, NY, USA},
} 

@misc{openmpwww,
  title = {OPENMP, WWW},
  howpublished = {\url{http://www.openmp.org}},
  note = {Accessed: 2017-09-22}
}

@misc{openaccwww,
  title = {OPENACC, WWW},
  howpublished = {\url{http://www.openacc.org}},
  note = {Accessed: 2017-09-22}
}

@misc{ompsswww,
  title = {OMPSS, WWW},
  howpublished = {\url{https://pm.bsc.es/ompss}},
  note = {Accessed: 2017-09-22}
}

@misc{top5002017,
  title = {{Top500 List}, WWW},
  howpublished = {\url{https://www.top500.org/list/2017/06/}},
  note = {Accessed: 2017-09-22},
  year = 2017
}

@article{Alvarez:2015:CPT:2872887.2750411,
  Title = {Coherence {P}rotocol for {T}ransparent {M}anagement of {S}cratchpad {M}emories in {S}hared {M}emory {M}anycore {A}rchitectures},
  Author = {Alvarez, Lluc and Vilanova, Llu\'{\i}s and Moreto, Miquel and Casas, Marc and Gonz\`{a}lez, Marc and Martorell, Xavier and Navarro, Nacho and Ayguad{\'e}, Eduard and Valero, Mateo},
  Journal = {SIGARCH Comput. Archit. News},
  Year = {2015},
  Month = jun,
  Number = {3},
  Pages = {720--732},
  Volume = {43},
  Acmid = {2750411},
  Address = {New York, NY, USA},
  Doi = {10.1145/2872887.2750411},
  File = {:p720-alvarez.pdf:PDF},
  ISSN = {0163-5964},
  Issue_date = {June 2015},
  Numpages = {13},
  Publisher = {ACM},
  Url = {http://doi.acm.org/10.1145/2872887.2750411}
}

@inproceedings{espinosa1998automatic,
  title={Automatic performance evaluation of parallel programs},
  author={Espinosa, Antonio and Margalef, Tomas and Luque, Emilio},
  booktitle={Parallel and Distributed Processing, 1998. PDP'98. Proceedings of the Sixth Euromicro Workshop on},
  pages={43--49},
  year={1998},
  organization={IEEE}
}

@inproceedings{casas2007automatic,
  title={Automatic structure extraction from MPI applications tracefiles},
  author={Casas, Marc and Badia, Rosa M and Labarta, Jesus},
  booktitle={European Conference on Parallel Processing},
  pages={3--12},
  year={2007},
  organization={Springer}
}

@article{wolf2003automatic,
  title={Automatic performance analysis of hybrid MPI/OpenMP applications},
  author={Wolf, Felix and Mohr, Bernd},
  journal={Journal of Systems Architecture},
  volume={49},
  number={10},
  pages={421--439},
  year={2003},
  publisher={Elsevier}
}

@article{gonzalez2013application,
  title={Application of clustering analysis and sequence analysis on the performance analysis of parallel applications},
  author={Gonz{\'a}lez Garc{\'\i}a, Juan},
  year={2013},
  publisher={Universitat Polit{\`e}cnica de Catalunya}
}

@inproceedings{casas2008aass,
  author = {Casas, Marc and Badia, Rosa and Labarta, Jes\'{u}s},
  title = {Automatic Analysis of Speedup of MPI Applications},
  booktitle = {Proceedings of the 22Nd Annual International Conference on Supercomputing},
  series = {ICS '08},
  year = {2008},
  isbn = {978-1-60558-158-3},
  location = {Island of Kos, Greece},
  pages = {349--358},
  numpages = {10},
  url = {http://doi.acm.org/10.1145/1375527.1375578},
  doi = {10.1145/1375527.1375578},
  acmid = {1375578},
  publisher = {ACM},
  address = {New York, NY, USA},
  keywords = {analytical model, automatic analysis, performance, periodic region, signal processing},
}

@MastersThesis{simon:2017:perfdp,
  author = {SÃ¶derlind, Simon},
  title = {Application performance evaluation using Deep Learning},
  school = {Barcelona Schools of Informatics, UPC},
  address = {Barcelona, Spain},
  year = {2017},
}

@article{llort2015intelligent,
  title={Intelligent instrumentation techniques to improve the traces information-volume ratio},
  author={Llort S{\'a}nchez, Germ{\'a}n},
  year={2015},
  publisher={Universitat Polit{\`e}cnica de Catalunya}
}

